<?xml version = "1.0" encoding = "UTF-8"?><record>
  <leader>02105nam#a2200505#cb4500</leader>
  <controlfield tag="005">20191223180000.0</controlfield>
  <controlfield tag="007">tu</controlfield>
  <controlfield tag="008">140423|2014####gw#######m####|||#|#ger#c</controlfield>
  <controlfield tag="003">DE-605</controlfield>
  <controlfield tag="001">990203644040206441</controlfield>
  <datafield tag="015" ind1=" " ind2=" ">
    <subfield code="a">14,N07</subfield>
    <subfield code="2">dnb</subfield>
  </datafield>
  <datafield tag="016" ind1="7" ind2=" ">
    <subfield code="a">894714358</subfield>
    <subfield code="2">OCoLC</subfield>
  </datafield>
  <datafield tag="016" ind1="7" ind2=" ">
    <subfield code="a">1047159678</subfield>
    <subfield code="2">DE-101b</subfield>
  </datafield>
  <datafield tag="020" ind1=" " ind2=" ">
    <subfield code="a">9783050064642</subfield>
    <subfield code="c">Pp. : EUR 99.80</subfield>
    <subfield code="9">978-3-05-006464-2</subfield>
    <subfield code="0">(uri) http://www.isbnsearch.org/isbn/9783050064642</subfield>
  </datafield>
  <datafield tag="020" ind1=" " ind2=" ">
    <subfield code="a">9783050103020</subfield>
    <subfield code="c">(Buch + E-Book) : EUR 149.95</subfield>
    <subfield code="9">978-3-05-010302-0</subfield>
    <subfield code="0">(uri) http://www.isbnsearch.org/isbn/9783050103020</subfield>
  </datafield>
  <datafield tag="020" ind1=" " ind2=" ">
    <subfield code="a">3050064641</subfield>
    <subfield code="9">3-05-006464-1</subfield>
    <subfield code="0">(uri) http://www.isbnsearch.org/isbn/3050064641</subfield>
  </datafield>
  <datafield tag="024" ind1="3" ind2=" ">
    <subfield code="a">9783050064642</subfield>
    <subfield code="0">(uri) http://www.isbnsearch.org/isbn/9783050064642</subfield>
  </datafield>
  <datafield tag="035" ind1=" " ind2=" ">
    <subfield code="a">(DE-605)HT018239864</subfield>
  </datafield>
  <datafield tag="040" ind1=" " ind2=" ">
    <subfield code="a">61</subfield>
    <subfield code="b">ger</subfield>
    <subfield code="c">DNB</subfield>
    <subfield code="d">82</subfield>
    <subfield code="e">rakddb</subfield>
    <subfield code="d">DE-605</subfield>
  </datafield>
  <datafield tag="041" ind1=" " ind2=" ">
    <subfield code="a">ger</subfield>
  </datafield>
  <datafield tag="044" ind1=" " ind2=" ">
    <subfield code="c">XA-DE</subfield>
  </datafield>
  <datafield tag="084" ind1=" " ind2=" ">
    <subfield code="a">200</subfield>
    <subfield code="2">rpb</subfield>
  </datafield>
  <datafield tag="084" ind1=" " ind2=" ">
    <subfield code="a">400</subfield>
    <subfield code="2">z</subfield>
  </datafield>
  <datafield tag="084" ind1=" " ind2=" ">
    <subfield code="a">K&#246;ln</subfield>
    <subfield code="0">https://nwbib.de/spatial#Q365</subfield>
    <subfield code="2">nwbib</subfield>
  </datafield>
  <datafield tag="084" ind1=" " ind2=" ">
    <subfield code="a">Einzelne Autoren (Sekund&#228;rliteratur)</subfield>
    <subfield code="0">https://nwbib.de/subjects#N768030</subfield>
    <subfield code="2">nwbib</subfield>
  </datafield>
  <datafield tag="100" ind1="1" ind2=" ">
    <subfield code="a">Kennedy, Beate</subfield>
    <subfield code="4">aut</subfield>
  </datafield>
  <datafield tag="245" ind1="1" ind2="0">
    <subfield code="a">Irmgard Keun: Zeit und Zitat</subfield>
    <subfield code="b">narrative Verfahren und literarische Autorschaft im Gesamtwerk</subfield>
    <subfield code="c">Beate Kennedy</subfield>
  </datafield>
  <datafield tag="264" ind1=" " ind2="1">
    <subfield code="a">Berlin [u.a.]</subfield>
    <subfield code="b">de Gruyter</subfield>
    <subfield code="c">2014</subfield>
  </datafield>
  <datafield tag="300" ind1=" " ind2=" ">
    <subfield code="a">517 S. : Ill.</subfield>
  </datafield>
  <datafield tag="490" ind1="1" ind2=" ">
    <subfield code="a">Deutsche Literatur - Studien und Quellen</subfield>
    <subfield code="v">17</subfield>
  </datafield>
  <datafield tag="689" ind1="0" ind2="0">
    <subfield code="a">Keun, Irmgard</subfield>
    <subfield code="d">1905-1982</subfield>
    <subfield code="D">p</subfield>
    <subfield code="0">(DE-588)118722123</subfield>
    <subfield code="0">(uri) https://portal.dnb.de/opac.htm?method=simpleSearch&amp;cqlMode=true&amp;query=idn=118722123</subfield>
    <subfield code="0">(uri) http://viaf.org/viaf/sourceID/DNB|118722123</subfield>
    <subfield code="B">GND-118722123</subfield>
  </datafield>
  <datafield tag="689" ind1="0" ind2="1">
    <subfield code="a">Erz&#228;hltheorie</subfield>
    <subfield code="D">s</subfield>
    <subfield code="0">(DE-588)4152975-3</subfield>
    <subfield code="0">(uri) https://portal.dnb.de/opac.htm?method=simpleSearch&amp;cqlMode=true&amp;query=idn=041529758</subfield>
    <subfield code="0">(uri) http://viaf.org/viaf/sourceID/DNB|041529758</subfield>
    <subfield code="B">GND-041529758</subfield>
  </datafield>
  <datafield tag="830" ind1=" " ind2="0">
    <subfield code="a">Deutsche Literatur - Studien und Quellen</subfield>
    <subfield code="w">(DE-605)HT016777884</subfield>
    <subfield code="v">17</subfield>
    <subfield code="9">O:1</subfield>
  </datafield>
  <datafield tag="856" ind1="4" ind2="2">
    <subfield code="m">X:MVB</subfield>
    <subfield code="q">text/html</subfield>
    <subfield code="u">http://deposit.d-nb.de/cgi-bin/dokserv?id=4584991&amp;prov=M&amp;dok_var=1&amp;dok_ext=htm</subfield>
    <subfield code="3">Inhaltstext</subfield>
  </datafield>
  <datafield tag="856" ind1="4" ind2="2">
    <subfield code="m">B:DE-101</subfield>
    <subfield code="q">application/pdf</subfield>
    <subfield code="u">http://digitale-objekte.hbz-nrw.de/storage2/2014/09/06/file_17/5764417.pdf</subfield>
    <subfield code="3">Inhaltsverzeichnis</subfield>
    <subfield code="9">O:PKN</subfield>
  </datafield>
  <datafield tag="960" ind1="1" ind2=" ">
    <subfield code="n">NWBib-61</subfield>
  </datafield>
  <datafield tag="964" ind1="0" ind2="s">
    <subfield code="F">051</subfield>
    <subfield code="A">sy||||||</subfield>
  </datafield>
  <datafield tag="964" ind1="0" ind2="s">
    <subfield code="F">030</subfield>
    <subfield code="A">a|1ua||||||17</subfield>
  </datafield>
  <datafield tag="964" ind1="0" ind2="s">
    <subfield code="F">050</subfield>
    <subfield code="A">a|a|||||||||||</subfield>
  </datafield>
  <datafield tag="035" ind1=" " ind2=" ">
    <subfield code="a">(OCoLC)894714358</subfield>
    <subfield code="0">(uri) http://www.worldcat.org/oclc/894714358</subfield>
  </datafield>
  <datafield tag="035" ind1=" " ind2=" ">
    <subfield code="a">(DE-599)DNB1047159678</subfield>
  </datafield>
  <datafield tag="751" ind1=" " ind2=" ">
    <subfield code="a">G&#246;ttingen</subfield>
    <subfield code="0">(DE-588)4021477-1</subfield>
    <subfield code="4">uvp</subfield>
    <subfield code="0">(uri) https://portal.dnb.de/opac.htm?method=simpleSearch&amp;cqlMode=true&amp;query=idn=04021477X</subfield>
    <subfield code="0">(uri) http://viaf.org/viaf/sourceID/DNB|04021477X</subfield>
    <subfield code="B">GND-04021477X</subfield>
  </datafield>
  <datafield tag="776" ind1="0" ind2="8">
    <subfield code="i">Erscheint auch als</subfield>
    <subfield code="n">Online-Ausg.</subfield>
    <subfield code="t">Irmgard Keun: Zeit und Zitat</subfield>
    <subfield code="w">(DE-605)HT018198250</subfield>
  </datafield>
  <datafield tag="776" ind1="0" ind2="8">
    <subfield code="i">Erscheint auch als</subfield>
    <subfield code="n">Online-Ausgabe</subfield>
    <subfield code="z">9783050065373</subfield>
    <subfield code="9">978-3-05-006537-3</subfield>
  </datafield>
  <datafield tag="776" ind1="0" ind2="8">
    <subfield code="i">Erscheint auch als</subfield>
    <subfield code="n">Online-Ausgabe</subfield>
    <subfield code="z">9783110401288</subfield>
    <subfield code="9">978-3-11-040128-8</subfield>
  </datafield>
  <datafield tag="502" ind1=" " ind2=" ">
    <subfield code="a">G&#246;ttingen, Univ., Diss., 2013</subfield>
  </datafield>
  <datafield tag="MBD" ind1=" " ind2=" ">
    <subfield code="M">49HBZ_NETWORK</subfield>
    <subfield code="i">990203644040206441</subfield>
    <subfield code="n">HBZ Network</subfield>
  </datafield>
  <datafield tag="MBD" ind1=" " ind2=" ">
    <subfield code="M">49HBZ_UDE</subfield>
    <subfield code="i">990181645770206446</subfield>
    <subfield code="n">UB Duisburg-Essen</subfield>
  </datafield>
  <datafield tag="020" ind1=" " ind2=" ">
    <subfield code="a">9783050064642</subfield>
    <subfield code="c">Pp. : EUR 99.80</subfield>
    <subfield code="9">978-3-05-006464-2</subfield>
    <subfield code="M">49HBZ_UDE</subfield>
  </datafield>
  <datafield tag="020" ind1=" " ind2=" ">
    <subfield code="a">9783050103020</subfield>
    <subfield code="c">(Buch + E-Book) : EUR 149.95</subfield>
    <subfield code="9">978-3-05-010302-0</subfield>
    <subfield code="M">49HBZ_UDE</subfield>
  </datafield>
  <datafield tag="020" ind1=" " ind2=" ">
    <subfield code="a">3050064641</subfield>
    <subfield code="9">3-05-006464-1</subfield>
    <subfield code="M">49HBZ_UDE</subfield>
  </datafield>
  <datafield tag="776" ind1="0" ind2="8">
    <subfield code="i">Erscheint auch als</subfield>
    <subfield code="n">Online-Ausgabe</subfield>
    <subfield code="z">9783050065373</subfield>
    <subfield code="9">978-3-05-006537-3</subfield>
    <subfield code="M">49HBZ_UDE</subfield>
  </datafield>
  <datafield tag="776" ind1="0" ind2="8">
    <subfield code="i">Erscheint auch als</subfield>
    <subfield code="n">Online-Ausgabe</subfield>
    <subfield code="z">9783110401288</subfield>
    <subfield code="9">978-3-11-040128-8</subfield>
    <subfield code="M">49HBZ_UDE</subfield>
  </datafield>
  <datafield tag="830" ind1=" " ind2="0">
    <subfield code="a">Deutsche Literatur - Studien und Quellen</subfield>
    <subfield code="w">(DE-605)HT016777884</subfield>
    <subfield code="v">17</subfield>
    <subfield code="9">O:1</subfield>
    <subfield code="M">49HBZ_UDE</subfield>
  </datafield>
  <datafield tag="856" ind1="4" ind2="2">
    <subfield code="m">B:DE-101</subfield>
    <subfield code="q">application/pdf</subfield>
    <subfield code="u">http://digitale-objekte.hbz-nrw.de/storage2/2014/09/06/file_17/5764417.pdf</subfield>
    <subfield code="3">Inhaltsverzeichnis</subfield>
    <subfield code="9">O:PKN</subfield>
    <subfield code="M">49HBZ_UDE</subfield>
  </datafield>
  <datafield tag="983" ind1=" " ind2=" ">
    <subfield code="b">CQWK</subfield>
    <subfield code="9">LOCAL</subfield>
    <subfield code="M">49HBZ_UDE</subfield>
  </datafield>
  <datafield tag="MBD" ind1=" " ind2=" ">
    <subfield code="M">49HBZ_DUE</subfield>
    <subfield code="i">990032616190206443</subfield>
    <subfield code="n">ULB D&#252;sseldorf</subfield>
  </datafield>
  <datafield tag="020" ind1=" " ind2=" ">
    <subfield code="a">9783050064642</subfield>
    <subfield code="c">Pp. : EUR 99.80</subfield>
    <subfield code="9">978-3-05-006464-2</subfield>
    <subfield code="M">49HBZ_DUE</subfield>
  </datafield>
  <datafield tag="020" ind1=" " ind2=" ">
    <subfield code="a">9783050103020</subfield>
    <subfield code="c">(Buch + E-Book) : EUR 149.95</subfield>
    <subfield code="9">978-3-05-010302-0</subfield>
    <subfield code="M">49HBZ_DUE</subfield>
  </datafield>
  <datafield tag="020" ind1=" " ind2=" ">
    <subfield code="a">3050064641</subfield>
    <subfield code="9">3-05-006464-1</subfield>
    <subfield code="M">49HBZ_DUE</subfield>
  </datafield>
  <datafield tag="776" ind1="0" ind2="8">
    <subfield code="i">Erscheint auch als</subfield>
    <subfield code="n">Online-Ausgabe</subfield>
    <subfield code="z">9783050065373</subfield>
    <subfield code="9">978-3-05-006537-3</subfield>
    <subfield code="M">49HBZ_DUE</subfield>
  </datafield>
  <datafield tag="776" ind1="0" ind2="8">
    <subfield code="i">Erscheint auch als</subfield>
    <subfield code="n">Online-Ausgabe</subfield>
    <subfield code="z">9783110401288</subfield>
    <subfield code="9">978-3-11-040128-8</subfield>
    <subfield code="M">49HBZ_DUE</subfield>
  </datafield>
  <datafield tag="830" ind1=" " ind2="0">
    <subfield code="a">Deutsche Literatur - Studien und Quellen</subfield>
    <subfield code="w">(DE-605)HT016777884</subfield>
    <subfield code="v">17</subfield>
    <subfield code="9">O:1</subfield>
    <subfield code="M">49HBZ_DUE</subfield>
  </datafield>
  <datafield tag="856" ind1="4" ind2="2">
    <subfield code="m">B:DE-101</subfield>
    <subfield code="q">application/pdf</subfield>
    <subfield code="u">http://digitale-objekte.hbz-nrw.de/storage2/2014/09/06/file_17/5764417.pdf</subfield>
    <subfield code="3">Inhaltsverzeichnis</subfield>
    <subfield code="9">O:PKN</subfield>
    <subfield code="M">49HBZ_DUE</subfield>
  </datafield>
  <datafield tag="983" ind1=" " ind2=" ">
    <subfield code="a">gerw53950</subfield>
    <subfield code="9">LOCAL</subfield>
    <subfield code="M">49HBZ_DUE</subfield>
  </datafield>
  <datafield tag="983" ind1=" " ind2=" ">
    <subfield code="a">gerw53954</subfield>
    <subfield code="9">LOCAL</subfield>
    <subfield code="M">49HBZ_DUE</subfield>
  </datafield>
  <datafield tag="996" ind1=" " ind2=" ">
    <subfield code="s">Autorschaft</subfield>
    <subfield code="0">(DE-588)4130545-0</subfield>
    <subfield code="9">LOCAL</subfield>
    <subfield code="M">49HBZ_DUE</subfield>
  </datafield>
  <datafield tag="996" ind1=" " ind2=" ">
    <subfield code="s">Zeit</subfield>
    <subfield code="0">(DE-588)4067461-7</subfield>
    <subfield code="9">LOCAL</subfield>
    <subfield code="M">49HBZ_DUE</subfield>
  </datafield>
  <datafield tag="996" ind1=" " ind2=" ">
    <subfield code="s">Zitat</subfield>
    <subfield code="0">(DE-588)4067889-1</subfield>
    <subfield code="9">LOCAL</subfield>
    <subfield code="M">49HBZ_DUE</subfield>
  </datafield>
  <datafield tag="996" ind1=" " ind2=" ">
    <subfield code="a">Literatur</subfield>
    <subfield code="9">LOCAL</subfield>
    <subfield code="M">49HBZ_DUE</subfield>
  </datafield>
  <datafield tag="996" ind1=" " ind2=" ">
    <subfield code="a">Werk</subfield>
    <subfield code="9">LOCAL</subfield>
    <subfield code="M">49HBZ_DUE</subfield>
  </datafield>
  <datafield tag="996" ind1=" " ind2=" ">
    <subfield code="a">gesamt</subfield>
    <subfield code="9">LOCAL</subfield>
    <subfield code="M">49HBZ_DUE</subfield>
  </datafield>
  <datafield tag="996" ind1=" " ind2=" ">
    <subfield code="a">literarisch</subfield>
    <subfield code="9">LOCAL</subfield>
    <subfield code="M">49HBZ_DUE</subfield>
  </datafield>
  <datafield tag="996" ind1=" " ind2=" ">
    <subfield code="a">narrativ</subfield>
    <subfield code="9">LOCAL</subfield>
    <subfield code="M">49HBZ_DUE</subfield>
  </datafield>
  <datafield tag="996" ind1=" " ind2=" ">
    <subfield code="a">zeitlich</subfield>
    <subfield code="9">LOCAL</subfield>
    <subfield code="M">49HBZ_DUE</subfield>
  </datafield>
  <datafield tag="996" ind1=" " ind2=" ">
    <subfield code="a">Theorie</subfield>
    <subfield code="9">LOCAL</subfield>
    <subfield code="M">49HBZ_DUE</subfield>
  </datafield>
  <datafield tag="MNG" ind1=" " ind2=" ">
    <subfield code="c">System</subfield>
    <subfield code="f">HBZ</subfield>
    <subfield code="i">marc21</subfield>
    <subfield code="h">20191223180000.0</subfield>
    <subfield code="k">01</subfield>
    <subfield code="e">false</subfield>
    <subfield code="d">2021-07-10 04:07:36 Europe/Berlin</subfield>
    <subfield code="g">020364404-HBZ01</subfield>
    <subfield code="j">60</subfield>
    <subfield code="a">import</subfield>
    <subfield code="b">2021-04-05 14:45:10 Europe/Berlin</subfield>
  </datafield>
  <datafield tag="H52" ind1="8" ind2=" ">
    <subfield code="b">E0001</subfield>
    <subfield code="c">E11</subfield>
    <subfield code="h">CQWK3670</subfield>
    <subfield code="8">22402233780006446</subfield>
  </datafield>
  <datafield tag="HOL" ind1=" " ind2=" ">
    <subfield code="b">2021-04-15 17:40:46</subfield>
    <subfield code="8">22402233780006446</subfield>
    <subfield code="M">49HBZ_UDE</subfield>
    <subfield code="g">false</subfield>
    <subfield code="a">import</subfield>
  </datafield>
  <datafield tag="ITM" ind1=" " ind2=" ">
    <subfield code="H">22402233780006446</subfield>
    <subfield code="x">ESA</subfield>
    <subfield code="f">BOOK</subfield>
    <subfield code="v">E11</subfield>
    <subfield code="p">10</subfield>
    <subfield code="X">System</subfield>
    <subfield code="U">2014-05-22 12:00:00</subfield>
    <subfield code="Y">2021-05-14 14:36:55</subfield>
    <subfield code="h">false</subfield>
    <subfield code="J">Sem.App.GW/GSW 270</subfield>
    <subfield code="n">CQWK3670</subfield>
    <subfield code="P">28</subfield>
    <subfield code="Q">GE</subfield>
    <subfield code="M">49HBZ_UDE</subfield>
    <subfield code="s">0</subfield>
    <subfield code="d">8</subfield>
    <subfield code="V">import</subfield>
    <subfield code="b">DE00285675</subfield>
    <subfield code="O">Process Status: SU</subfield>
    <subfield code="a">23402233760006446</subfield>
    <subfield code="t">8</subfield>
    <subfield code="c">CQWK3670</subfield>
    <subfield code="r">LOAN</subfield>
    <subfield code="S">MB14-2959</subfield>
    <subfield code="B">14/10960</subfield>
    <subfield code="D">2014-08-28 12:00:00</subfield>
    <subfield code="W">2021-04-15 17:40:46</subfield>
    <subfield code="u">E0001</subfield>
    <subfield code="w">E0001</subfield>
  </datafield>
  <datafield tag="ITM" ind1=" " ind2=" ">
    <subfield code="H">22402233780006446</subfield>
    <subfield code="x">EHA</subfield>
    <subfield code="f">BOOK</subfield>
    <subfield code="v">E11</subfield>
    <subfield code="p">45</subfield>
    <subfield code="X">System</subfield>
    <subfield code="U">2016-10-21 10:59:00</subfield>
    <subfield code="Y">2021-05-14 14:36:55</subfield>
    <subfield code="h">false</subfield>
    <subfield code="n">CQWK3670+1</subfield>
    <subfield code="P">29</subfield>
    <subfield code="M">49HBZ_UDE</subfield>
    <subfield code="s">0</subfield>
    <subfield code="d">8</subfield>
    <subfield code="V">import</subfield>
    <subfield code="b">DE00354759</subfield>
    <subfield code="a">23402233770006446</subfield>
    <subfield code="t">8</subfield>
    <subfield code="c">CQWK3670</subfield>
    <subfield code="r">LOAN</subfield>
    <subfield code="S">VM16-3993</subfield>
    <subfield code="B">16/11161</subfield>
    <subfield code="D">20161026</subfield>
    <subfield code="W">2021-04-15 17:40:46</subfield>
    <subfield code="u">E0001</subfield>
    <subfield code="w">E0001</subfield>
  </datafield>
  <datafield tag="H52" ind1="8" ind2=" ">
    <subfield code="b">X0001</subfield>
    <subfield code="c">01</subfield>
    <subfield code="h">gerw53954.k35</subfield>
    <subfield code="8">22282579100006443</subfield>
  </datafield>
  <datafield tag="HOL" ind1=" " ind2=" ">
    <subfield code="b">2021-04-01 11:17:35</subfield>
    <subfield code="8">22282579100006443</subfield>
    <subfield code="M">49HBZ_DUE</subfield>
    <subfield code="g">false</subfield>
    <subfield code="a">import</subfield>
  </datafield>
  <datafield tag="ITM" ind1=" " ind2=" ">
    <subfield code="H">22282579100006443</subfield>
    <subfield code="x">01</subfield>
    <subfield code="f">BOOK</subfield>
    <subfield code="v">01</subfield>
    <subfield code="p">10</subfield>
    <subfield code="X">System</subfield>
    <subfield code="U">2014-04-23 10:59:00</subfield>
    <subfield code="Y">2021-07-22 14:00:28</subfield>
    <subfield code="h">false</subfield>
    <subfield code="P">11/d/n/1</subfield>
    <subfield code="M">49HBZ_DUE</subfield>
    <subfield code="s">1</subfield>
    <subfield code="d">8</subfield>
    <subfield code="V">import</subfield>
    <subfield code="b">132360901</subfield>
    <subfield code="a">23282579090006443</subfield>
    <subfield code="R">Maintenance count: 009</subfield>
    <subfield code="c">gerw53954.k35</subfield>
    <subfield code="S">ZB14-4792</subfield>
    <subfield code="D">20140825</subfield>
    <subfield code="W">2021-04-01 11:17:35</subfield>
    <subfield code="u">X0001</subfield>
    <subfield code="w">X0001</subfield>
  </datafield>
  <datafield tag="GKT" ind1="2" ind2=" ">
    <subfield code="a">G&#246;ttingen</subfield>
    <subfield code="b">Oberstadtdirektor</subfield>
    <subfield code="4">spio</subfield>
    <subfield code="4">https://d-nb.info/standards/elementset/gnd#variantName</subfield>
    <subfield code="w">r</subfield>
    <subfield code="i">Spitzenorgan</subfield>
    <subfield code="e">Spitzenorgan</subfield>
    <subfield code="A">GND</subfield>
    <subfield code="B">GND-04021477X</subfield>
    <subfield code="C">410</subfield>
  </datafield>
  <datafield tag="GKT" ind1="2" ind2=" ">
    <subfield code="a">Oberstadtdirektor</subfield>
    <subfield code="g">G&#246;ttingen</subfield>
    <subfield code="4">spio</subfield>
    <subfield code="4">https://d-nb.info/standards/elementset/gnd#variantName</subfield>
    <subfield code="w">r</subfield>
    <subfield code="i">Spitzenorgan</subfield>
    <subfield code="e">Spitzenorgan</subfield>
    <subfield code="A">GND</subfield>
    <subfield code="B">GND-04021477X</subfield>
    <subfield code="C">410</subfield>
  </datafield>
  <datafield tag="GKT" ind1="2" ind2=" ">
    <subfield code="a">G&#246;ttingen</subfield>
    <subfield code="b">Stadtverwaltung</subfield>
    <subfield code="4">spio</subfield>
    <subfield code="4">https://d-nb.info/standards/elementset/gnd#variantName</subfield>
    <subfield code="w">r</subfield>
    <subfield code="i">Spitzenorgan</subfield>
    <subfield code="e">Spitzenorgan</subfield>
    <subfield code="A">GND</subfield>
    <subfield code="B">GND-04021477X</subfield>
    <subfield code="C">410</subfield>
  </datafield>
  <datafield tag="GKT" ind1="2" ind2=" ">
    <subfield code="a">Stadtverwaltung</subfield>
    <subfield code="g">G&#246;ttingen</subfield>
    <subfield code="4">spio</subfield>
    <subfield code="4">https://d-nb.info/standards/elementset/gnd#variantName</subfield>
    <subfield code="w">r</subfield>
    <subfield code="i">Spitzenorgan</subfield>
    <subfield code="e">Spitzenorgan</subfield>
    <subfield code="A">GND</subfield>
    <subfield code="B">GND-04021477X</subfield>
    <subfield code="C">410</subfield>
  </datafield>
  <datafield tag="GSI" ind1="7" ind2=" ">
    <subfield code="a">4021477-1</subfield>
    <subfield code="0">http://d-nb.info/gnd/4021477-1</subfield>
    <subfield code="2">gnd</subfield>
    <subfield code="A">GND</subfield>
    <subfield code="B">GND-04021477X</subfield>
    <subfield code="C">024</subfield>
  </datafield>
  <datafield tag="GGN" ind1=" " ind2=" ">
    <subfield code="a">G&#235;ttingen</subfield>
    <subfield code="A">GND</subfield>
    <subfield code="B">GND-04021477X</subfield>
    <subfield code="C">451</subfield>
  </datafield>
  <datafield tag="GGN" ind1=" " ind2=" ">
    <subfield code="a">Goting&#275;</subfield>
    <subfield code="A">GND</subfield>
    <subfield code="B">GND-04021477X</subfield>
    <subfield code="C">451</subfield>
  </datafield>
  <datafield tag="GGN" ind1=" " ind2=" ">
    <subfield code="a">Gottingen</subfield>
    <subfield code="A">GND</subfield>
    <subfield code="B">GND-04021477X</subfield>
    <subfield code="C">451</subfield>
  </datafield>
  <datafield tag="GGN" ind1=" " ind2=" ">
    <subfield code="a">Gutingi</subfield>
    <subfield code="9">v:953</subfield>
    <subfield code="A">GND</subfield>
    <subfield code="B">GND-04021477X</subfield>
    <subfield code="C">451</subfield>
  </datafield>
  <datafield tag="GGN" ind1=" " ind2=" ">
    <subfield code="a">Gettingen</subfield>
    <subfield code="A">GND</subfield>
    <subfield code="B">GND-04021477X</subfield>
    <subfield code="C">451</subfield>
  </datafield>
  <datafield tag="GGN" ind1=" " ind2=" ">
    <subfield code="a">Stadt G&#246;ttingen</subfield>
    <subfield code="A">GND</subfield>
    <subfield code="B">GND-04021477X</subfield>
    <subfield code="C">451</subfield>
  </datafield>
  <datafield tag="GGN" ind1=" " ind2=" ">
    <subfield code="a">G&#246;tingen</subfield>
    <subfield code="A">GND</subfield>
    <subfield code="B">GND-04021477X</subfield>
    <subfield code="C">451</subfield>
  </datafield>
  <datafield tag="GGN" ind1=" " ind2=" ">
    <subfield code="a">Gottinga</subfield>
    <subfield code="A">GND</subfield>
    <subfield code="B">GND-04021477X</subfield>
    <subfield code="C">451</subfield>
  </datafield>
  <datafield tag="GGN" ind1=" " ind2=" ">
    <subfield code="a">Goddinga</subfield>
    <subfield code="A">GND</subfield>
    <subfield code="B">GND-04021477X</subfield>
    <subfield code="C">451</subfield>
  </datafield>
  <datafield tag="GGN" ind1=" " ind2=" ">
    <subfield code="a">Gothinga</subfield>
    <subfield code="A">GND</subfield>
    <subfield code="B">GND-04021477X</subfield>
    <subfield code="C">451</subfield>
  </datafield>
  <datafield tag="GGN" ind1=" " ind2=" ">
    <subfield code="a">Goettinga</subfield>
    <subfield code="A">GND</subfield>
    <subfield code="B">GND-04021477X</subfield>
    <subfield code="C">451</subfield>
  </datafield>
  <datafield tag="GST" ind1=" " ind2=" ">
    <subfield code="a">Narratologie</subfield>
    <subfield code="A">GND</subfield>
    <subfield code="B">GND-041529758</subfield>
    <subfield code="C">450</subfield>
  </datafield>
  <datafield tag="GSI" ind1="7" ind2=" ">
    <subfield code="a">4152975-3</subfield>
    <subfield code="0">http://d-nb.info/gnd/4152975-3</subfield>
    <subfield code="2">gnd</subfield>
    <subfield code="A">GND</subfield>
    <subfield code="B">GND-041529758</subfield>
    <subfield code="C">024</subfield>
  </datafield>
  <datafield tag="GPN" ind1="1" ind2=" ">
    <subfield code="a">Kojn, Irmgard</subfield>
    <subfield code="d">1905-1982</subfield>
    <subfield code="A">GND</subfield>
    <subfield code="B">GND-118722123</subfield>
    <subfield code="C">400</subfield>
  </datafield>
  <datafield tag="GPN" ind1="1" ind2=" ">
    <subfield code="a">&#7730;oyn, Irmgard</subfield>
    <subfield code="d">1905-1982</subfield>
    <subfield code="A">GND</subfield>
    <subfield code="B">GND-118722123</subfield>
    <subfield code="C">400</subfield>
  </datafield>
  <datafield tag="GPN" ind1="1" ind2=" ">
    <subfield code="a">Keina, Irmgarde</subfield>
    <subfield code="d">1905-1982</subfield>
    <subfield code="A">GND</subfield>
    <subfield code="B">GND-118722123</subfield>
    <subfield code="C">400</subfield>
  </datafield>
  <datafield tag="GPN" ind1="1" ind2=" ">
    <subfield code="a">Keun, Irmgard Charlotte</subfield>
    <subfield code="d">1905-1982</subfield>
    <subfield code="A">GND</subfield>
    <subfield code="B">GND-118722123</subfield>
    <subfield code="C">400</subfield>
  </datafield>
  <datafield tag="GPN" ind1="1" ind2=" ">
    <subfield code="a">Koin, Irumugaruto</subfield>
    <subfield code="d">1905-1982</subfield>
    <subfield code="A">GND</subfield>
    <subfield code="B">GND-118722123</subfield>
    <subfield code="C">400</subfield>
  </datafield>
  <datafield tag="GPN" ind1="1" ind2=" ">
    <subfield code="a">Kejn, Irmgard</subfield>
    <subfield code="d">1905-1982</subfield>
    <subfield code="A">GND</subfield>
    <subfield code="B">GND-118722123</subfield>
    <subfield code="C">400</subfield>
  </datafield>
  <datafield tag="GPN" ind1="1" ind2=" ">
    <subfield code="9">U:Hebr</subfield>
    <subfield code="a">&#1511;&#1493;&#1497;&#1503;, &#1488;&#1497;&#1512;&#1502;&#1490;&#1512;&#1491;</subfield>
    <subfield code="d">1905-1982</subfield>
    <subfield code="A">GND</subfield>
    <subfield code="B">GND-118722123</subfield>
    <subfield code="C">400</subfield>
  </datafield>
  <datafield tag="GSI" ind1="7" ind2=" ">
    <subfield code="a">118722123</subfield>
    <subfield code="0">http://d-nb.info/gnd/118722123</subfield>
    <subfield code="2">gnd</subfield>
    <subfield code="A">GND</subfield>
    <subfield code="B">GND-118722123</subfield>
    <subfield code="C">024</subfield>
  </datafield>
</record>